@book{calculo,
  title={Calculo},
  author={Stewart, J. and Moretti, A.C. and Martins, A.C.G.},
  number={v. 1},
  isbn={9788522106608},
  url={https://books.google.com.br/books?id=yL-APwAACAAJ},
  year={2009},
  publisher={Cengage Learning}
}

@ARTICLE{kelp,
author={A. Barbosa and F. V. Paulovich and A. Paiva and S. Goldenstein and F. Petronetto and L. G. Nonato},
journal={IEEE Transactions on Visualization and Computer Graphics},
title={Visualizing and Interacting with Kernelized Data},
year={2016},
volume={22},
number={3},
pages={1314-1325},
keywords={data visualisation;pattern classification;pattern clustering;kernel-based projection techniques;game-changing trait;projection layout;interactive manipulation;visual space;solid mathematical formulation;high-dimensional feature space;embedding map;kernel-based techniques;pattern recognition;clustering;data classification;kernel-based methods;kernelized data;Kernel;Visualization;Data visualization;Layout;Force;Stress;Eigenvalues and eigenfunctions;Multidimensional Projection;Visualization;Kernel Methods;Multidimensional projection;visualization;kernel methods},
doi={10.1109/TVCG.2015.2464797},
ISSN={1077-2626},
month={March}
}